% RLC main.bib Version 2024.1

@book{sutton1998introduction,
    title={Reinforcement Learning: {A}n Introduction},
    author={Sutton, Richard S. and Barto, Andrew G.},
	publisher={The MIT Press},
	year={1998},
	address={Cambridge, MA},
}


@article{goel2018unsupervised,
  title={Unsupervised video object segmentation for deep reinforcement learning},
  author={Goel, Vikash and Weng, Jameson and Poupart, Pascal},
  journal={Advances in neural information processing systems},
  volume={31},
  year={2018}
}

@article{kulkarni2019unsupervised,
  title={Unsupervised learning of object keypoints for perception and control},
  author={Kulkarni, Tejas D and Gupta, Ankush and Ionescu, Catalin and Borgeaud, Sebastian and Reynolds, Malcolm and Zisserman, Andrew and Mnih, Volodymyr},
  journal={Advances in neural information processing systems},
  volume={32},
  year={2019}
}


@article{anand2019unsupervised,
  title={Unsupervised state representation learning in atari},
  author={Anand, Ankesh and Racah, Evan and Ozair, Sherjil and Bengio, Yoshua and C{\^o}t{\'e}, Marc-Alexandre and Hjelm, R Devon},
  journal={Advances in neural information processing systems},
  volume={32},
  year={2019}
}


@article{raad2024scaling,
  title={Scaling Instructable Agents Across Many Simulated Worlds},
  author={Raad, Maria Abi and Ahuja, Arun and Barros, Catarina and Besse, Frederic and Bolt, Andrew and Bolton, Adrian and Brownfield, Bethanie and Buttimore, Gavin and Cant, Max and Chakera, Sarah and others},
  journal={arXiv preprint arXiv:2404.10179},
  year={2024}
}

@article{obando2024mixtures,
  title={Mixtures of Experts Unlock Parameter Scaling for Deep RL},
  author={Obando-Ceron, Johan and Sokar, Ghada and Willi, Timon and Lyle, Clare and Farebrother, Jesse and Foerster, Jakob and Dziugaite, Gintare Karolina and Precup, Doina and Castro, Pablo Samuel},
  journal={arXiv preprint arXiv:2402.08609},
  year={2024}
}

@article{mnih2013playing,
  title={Playing atari with deep reinforcement learning},
  author={Mnih, Volodymyr and Kavukcuoglu, Koray and Silver, David and Graves, Alex and Antonoglou, Ioannis and Wierstra, Daan and Riedmiller, Martin},
  journal={arXiv preprint arXiv:1312.5602},
  year={2013}
}

@article{montalvo2023exploiting,
  title={Exploiting semantic segmentation to boost reinforcement learning in video game environments},
  author={Montalvo, Javier and Garc{\'\i}a-Mart{\'\i}n, {\'A}lvaro and Besc{\'o}s, Jes{\'u}s},
  journal={Multimedia Tools and Applications},
  volume={82},
  number={7},
  pages={10961--10979},
  year={2023},
  publisher={Springer}
}


@misc{stable-baselines,
  author = {Hill, Ashley and Raffin, Antonin and Ernestus, Maximilian and Gleave, Adam and Kanervisto, Anssi and Traore, Rene and Dhariwal, Prafulla and Hesse, Christopher and Klimov, Oleg and Nichol, Alex and Plappert, Matthias and Radford, Alec and Schulman, John and Sidor, Szymon and Wu, Yuhuai},
  title = {Stable Baselines},
  year = {2018},
  publisher = {GitHub},
  journal = {GitHub repository},
  howpublished = {\url{https://github.com/hill-a/stable-baselines}},
}

@misc{towers_gymnasium_2023,
        title = {Gymnasium},
        url = {https://zenodo.org/record/8127025},
        abstract = {An API standard for single-agent reinforcement learning environments, with popular reference environments and related utilities (formerly Gym)},
        urldate = {2023-07-08},
        publisher = {Zenodo},
        author = {Towers, Mark and Terry, Jordan K. and Kwiatkowski, Ariel and Balis, John U. and Cola, Gianluca de and Deleu, Tristan and Goulão, Manuel and Kallinteris, Andreas and KG, Arjun and Krimmel, Markus and Perez-Vicente, Rodrigo and Pierré, Andrea and Schulhoff, Sander and Tai, Jun Jet and Shen, Andrew Tan Jin and Younis, Omar G.},
        month = mar,
        year = {2023},
        doi = {10.5281/zenodo.8127026},
}

@Article{bellemare13arcade,
    author = {{Bellemare}, M.~G. and {Naddaf}, Y. and {Veness}, J. and {Bowling}, M.},
    title = {The Arcade Learning Environment: An Evaluation Platform for General Agents},
    journal = {Journal of Artificial Intelligence Research},
    year = "2013",
    month = "jun",
    volume = "47",
    pages = "253--279",
}

@article{vaswani2017attention,
  title={Attention is all you need},
  author={Vaswani, Ashish and Shazeer, Noam and Parmar, Niki and Uszkoreit, Jakob and Jones, Llion and Gomez, Aidan N and Kaiser, {\L}ukasz and Polosukhin, Illia},
  journal={Advances in neural information processing systems},
  volume={30},
  year={2017}
}

@misc{rl-zoo3,
  author = {Raffin, Antonin},
  title = {RL Baselines3 Zoo},
  year = {2020},
  publisher = {GitHub},
  journal = {GitHub repository},
  howpublished = {\url{https://github.com/DLR-RM/rl-baselines3-zoo}},
}


@inproceedings{badia2020agent57,
  title={Agent57: Outperforming the atari human benchmark},
  author={Badia, Adri{\`a} Puigdom{\`e}nech and Piot, Bilal and Kapturowski, Steven and Sprechmann, Pablo and Vitvitskyi, Alex and Guo, Zhaohan Daniel and Blundell, Charles},
  booktitle={International conference on machine learning},
  pages={507--517},
  year={2020},
  organization={PMLR}
}

@article{vinyals2019grandmaster,
  title={Grandmaster level in StarCraft II using multi-agent reinforcement learning},
  author={Vinyals, Oriol and Babuschkin, Igor and Czarnecki, Wojciech M and Mathieu, Micha{\"e}l and Dudzik, Andrew and Chung, Junyoung and Choi, David H and Powell, Richard and Ewalds, Timo and Georgiev, Petko and others},
  journal={Nature},
  volume={575},
  number={7782},
  pages={350--354},
  year={2019},
  publisher={Nature Publishing Group}
}

@article{bousmalis2023robocat,
  title={Robocat: A self-improving foundation agent for robotic manipulation},
  author={Bousmalis, Konstantinos and Vezzani, Giulia and Rao, Dushyant and Devin, Coline and Lee, Alex X and Bauza, Maria and Davchev, Todor and Zhou, Yuxiang and Gupta, Agrim and Raju, Akhil and others},
  journal={arXiv preprint arXiv:2306.11706},
  year={2023}
}

@article{varadi2022alphafold,
  title={AlphaFold Protein Structure Database: massively expanding the structural coverage of protein-sequence space with high-accuracy models},
  author={Varadi, Mihaly and Anyango, Stephen and Deshpande, Mandar and Nair, Sreenath and Natassia, Cindy and Yordanova, Galabina and Yuan, David and Stroe, Oana and Wood, Gemma and Laydon, Agata and others},
  journal={Nucleic acids research},
  volume={50},
  number={D1},
  pages={D439--D444},
  year={2022},
  publisher={Oxford University Press}
}

@book{zhang2020deep,
  title={Deep Reinforcement Learning: Fundamentals, Research and Applications},
  author={Zhang, Shanghang and Ding, Zihan and Dong, Hao},
  year={2020},
  publisher={Springer}
}

@article{schulman2017proximal,
  title={Proximal policy optimization algorithms},
  author={Schulman, John and Wolski, Filip and Dhariwal, Prafulla and Radford, Alec and Klimov, Oleg},
  journal={arXiv preprint arXiv:1707.06347},
  year={2017}
}